@Misc{ BCS2020,
	title = "{Guidelines on course accreditation (January 2020)}",
	author = {{BCS, The Chartered Institute for IT}},
	year = {2020},
	howpublished = {\url{https://www.bcs.org/media/1209/accreditation-guidelines.pdf}},
	keywords = {CS EDUC}
}

@InProceedings{crick-et-al:fie2019,
  author =       {Tom Crick and James H. Davenport and Alastair Irons and Tom Prickett},
  title =        {{A UK Case Study on Cybersecurity Education and Accreditation}},
  booktitle =    {{Proceedings of 49th Annual Frontiers in Education Conference (FIE'19)}},
  publisher =    {{IEEE}},
  pages =        {1--9},
  year = 	 {2019},
  doi =          {https://doi.org/10.1109/FIE43999.2019.9028407},
  note = 	 {\url{https://doi.org/10.1109/FIE43999.2019.9028407}}
}

@Article{itnowcyber:2019,
  author = 	 {Tom Crick and James H. Davenport and Alastair Irons and Sally Pearce and Tom Prickett},
  title = 	 {{Maintaining the Focus on Cybersecurity in UK Higher Education}},
  journal = 	 {{ITNOW}},
  volume = 	 {61},
  number = 	 {4},
  pages = 	 {46--47},
  year = 	 {2019},
  doi =          {https://doi.org/10.1093/itnow/bwz110},
  note = 	 {\url{https://doi.org/10.1093/itnow/bwz110}}
}

@InProceedings{crick-et-al-accred:cep2020,
  author =       {Tom Crick and James H. Davenport and Paul Hanna and Alastair Irons and Tom Prickett},
  title =        {{Computer Science Degree Accreditation in the UK: A Post-Shadbolt Review Update}},
  booktitle =    {{Proceedings of Computing Education Practice (CEP'20)}},
  articleno =    {6},
  publisher =    {{ACM}},
  pages = 	 {1--4},
  year = 	 {2020},
  doi =          {https://doi.org/10.1145/3372356.3372362},
  note = 	 {\url{https://doi.org/10.1145/3372356.3372362}}
}

@Article{itnowaccred:2020,
  author = 	 {Tom Crick and James H. Davenport and Paul Hanna and Alastair Irons and Sally Pearce and Tom Prickett},
  title = 	 {{Repositioning BCS Degree Accreditation}},
  journal = 	 {{ITNOW}},
  volume = 	 {62},
  number = 	 {1},
  pages = 	 {50--51},
  year = 	 {2020},
  doi =          {https://doi.org/10.1093/itnow/bwaa023},
  note = 	 {\url{https://doi.org/10.1093/itnow/bwaa023}}
}

@InProceedings{crick-et-al:iticse2020,
  author =       {Tom Crick and Tom Prickett and James H. Davenport and Alastair Irons},
  title =        {{Assessing the Value of Professional Body Accreditation of Computer Science Degree Programmes: A UK Case Study}},
  booktitle =    {{Proceedings of 25th Annual Conference on Innovation and Technology in Computer Science Education (ITiCSE'20)}},
  year = 	 {2020},
  publisher =    {{ACM}},
  note = 	 {\url{https://doi.org/10.1145/3341525.3393980}},
  doi =          {https://doi.org/10.1145/3341525.3393980},
}

@article{Harvey2004,
	author = {L. Harvey},
	title = {The power of accreditation: views of academics},
	journal = {Journal of Higher Education Policy and Management},
	volume = {26},
	number = {2},
	pages = {207-223},
	year  = {2004},
	publisher = {Routledge}
}

@article{Knight_2015,
	title={The International Race for Accreditation},
	volume={40},
	journal={{International Higher Education}},
	author={J. Knight},
	year={2015},
	pages = {2-3}
}

@article{Mutereko2018,
	author = {Sybert Mutereko},
	title = {Analysing the accreditation of engineering education in South Africa through Foucaultâ€™s panopticon and governmentality lenses},
	journal = {Assessment \& Evaluation in Higher Education},
	volume = {43},
	number = {2},
	pages = {235-247},
	year  = {2018},
	publisher = {Routledge},
	doi = {10.1080/02602938.2017.1330395},
		URL = { 
	https://doi.org/10.1080/02602938.2017.1330395
	
	}
	
}

@Misc{shadbolt2016shadbolt,
	title={Shadbolt review of computer sciences degree accreditation and graduate employability},
	author={N. Shadbolt},
	year={2016},
	howpublished={\url{https://www.gov.uk/government/publications/computer-science-degree-accreditation-and-graduate-employability-shadbolt-review}},
}

@Misc{IET2022,
	title="{The academic accreditation process}",
	author={{IET}},
	year={2022},
	howpublished={\url{https://www.theiet.org/career/accreditation/academic-accreditation/the-academic-accreditation-process/}}
}

@InProceedings{irons-et-alposter:sigcse2021,
  author =       {Alastair Irons and Tom Crick and James H. Davenport and Paul Hanna and Tom Prickett},
  title =        {{Increasing the Value of Professional Body Computer Science Degree Accreditation}},
  booktitle =    {{Proceedings of 52nd ACM Technical Symposium on Computer Science Education (SIGCSE'21)}},
  publisher =    {{ACM}},
  year = 	 {2021},
  note = 	 {\url{https://doi.org/10.1145/3408877.3439678}},
  doi =          {https://doi.org/10.1145/3408877.3439678}
}

@Misc{Washington2022,
	title="{Washington Accord}",
	author={International Engineering Alliance},
	year={2022},
	howpublished={\url{http://www.ieagreements.org/accords/washington/ }}
}

@Misc{Seoul2022,
	title={{Seoul Accord}},
	author={{Seoul Accord}},
	year={2022},
	howpublished={\url{https://www.seoulaccord.org}}
}
